<record><leader>00000cas a2200000 a 4500</leader><controlfield tag="001">12173468</controlfield><controlfield tag="008">850619d19741989nyuwr ne      0   a0eng c</controlfield><datafield ind1=" " ind2=" " tag="010"><subfield code="a">sn 85007241 </subfield></datafield><datafield ind1=" " ind2=" " tag="040"><subfield code="a">NSD</subfield><subfield code="b">eng</subfield><subfield code="c">NSD</subfield><subfield code="d">NYS</subfield><subfield code="d">OCLCQ</subfield><subfield code="d">OCLCO</subfield><subfield code="d">OCLCF</subfield><subfield code="d">OCLCO</subfield></datafield><datafield ind1=" " ind2=" " tag="012"><subfield code="j">0</subfield><subfield code="l">1</subfield></datafield><datafield ind1="1" ind2=" " tag="022"><subfield code="a">0883-5632</subfield><subfield code="l">0883-5632</subfield><subfield code="2">1</subfield></datafield><datafield ind1="1" ind2=" " tag="029"><subfield code="a">AU@</subfield><subfield code="b">000026147207</subfield></datafield><datafield ind1=" " ind2=" " tag="037"><subfield code="a">Starrett Sun, 1540 Van Siclen Ave., Brooklyn, NY 11239</subfield></datafield><datafield ind1=" " ind2=" " tag="042"><subfield code="a">nsdp</subfield><subfield code="a">pcc</subfield></datafield><datafield ind1=" " ind2=" " tag="043"><subfield code="a">n-us-ny</subfield></datafield><datafield ind1=" " ind2="0" tag="222"><subfield code="a">Starrett City sun</subfield></datafield><datafield ind1="0" ind2="0" tag="245"><subfield code="a">Starrett City sun.</subfield></datafield><datafield ind1="1" ind2="2" tag="246"><subfield code="a">Brooklyn sun</subfield><subfield code="f">&lt;April 17, 1977-1978&gt;</subfield></datafield><datafield ind1="1" ind2="2" tag="246"><subfield code="a">Starrett City sun</subfield><subfield code="f">&lt;April 7, 1978-1983&gt;</subfield></datafield><datafield ind1="1" ind2="2" tag="246"><subfield code="a">Starrett sun</subfield><subfield code="f">&lt;1983-1989&gt;</subfield></datafield><datafield ind1=" " ind2=" " tag="260"><subfield code="a">[Brooklyn, NY :</subfield><subfield code="b">Starrett City, Inc.,</subfield></datafield><datafield ind1=" " ind2=" " tag="300"><subfield code="a">v.</subfield><subfield code="b">ill. ;</subfield><subfield code="c">39 cm.</subfield></datafield><datafield ind1=" " ind2=" " tag="310"><subfield code="a">Weekly</subfield></datafield><datafield ind1="0" ind2=" " tag="362"><subfield code="a">Vol. 1, no. 1 (June 13, 1974-v. 17, no. 32( Aug, 1989).</subfield></datafield><datafield ind1=" " ind2=" " tag="515"><subfield code="a">Vol. 12, no. 29- incorrectly numbered as vols. 13-18; Cf. publisher.</subfield></datafield><datafield ind1=" " ind2="0" tag="651"><subfield code="a">Brooklyn (New York, N.Y.)</subfield><subfield code="v">Newspapers.</subfield></datafield><datafield ind1=" " ind2="0" tag="651"><subfield code="a">New York (N.Y.)</subfield><subfield code="v">Newspapers.</subfield></datafield><datafield ind1=" " ind2="0" tag="651"><subfield code="a">Kings County (N.Y.)</subfield><subfield code="v">Newspapers.</subfield></datafield><datafield ind1=" " ind2="7" tag="655"><subfield code="a">Newspapers.</subfield><subfield code="2">fast</subfield><subfield code="0">(OCoLC)fst01423814</subfield></datafield><datafield ind1=" " ind2="7" tag="651"><subfield code="a">New York (State)</subfield><subfield code="z">Kings County.</subfield><subfield code="2">fast</subfield><subfield code="0">(OCoLC)fst01220099</subfield></datafield><datafield ind1=" " ind2="7" tag="651"><subfield code="a">New York (State)</subfield><subfield code="z">New York.</subfield><subfield code="2">fast</subfield><subfield code="0">(OCoLC)fst01204333</subfield></datafield><datafield ind1=" " ind2="7" tag="651"><subfield code="a">New York (State)</subfield><subfield code="z">New York</subfield><subfield code="z">Brooklyn.</subfield><subfield code="2">fast</subfield><subfield code="0">(OCoLC)fst01312516</subfield></datafield><datafield ind1=" " ind2=" " tag="752"><subfield code="a">United States</subfield><subfield code="b">New York</subfield><subfield code="d">New York.</subfield></datafield><datafield ind1=" " ind2=" " tag="752"><subfield code="a">United States</subfield><subfield code="b">New York</subfield><subfield code="c">Kings</subfield><subfield code="d">Brooklyn.</subfield></datafield><datafield ind1="0" ind2="0" tag="785"><subfield code="t">Spring Creek sun</subfield><subfield code="w">(DLC)sn2004060458</subfield><subfield code="w">(OCoLC)49264475</subfield></datafield></record>